@online{chem,
    author = "",
    title = "Lennard-Jones Potential",
    note  = {\url{https://chem.libretexts.org/Bookshelves/Physical_and_Theoretical_Chemistry_Textbook_Maps/Supplemental_Modules_(Physical_and_Theoretical_Chemistry)/Physical_Properties_of_Matter/Atomic_and_Molecular_Properties/Intermolecular_Forces/Specific_Interactions/Lennard-Jones_Potential}},
    keywords = "MD",
    year = 2018
}